
%%%%%%%%%%%%%%%%%%%%%%%%%%%%%%%%%%%%%%%%%%%%



@thesis{Cook:phdThesis,
	author={Cook, Joseph},
	title={Properties of Eigenvalues on Riemann Surfaces with Large Symmetry Groups},
	date={2018},
	month = {02},
	institution={Loughborough University},
	type={PhD thesis in Mathematics},
	url={https://core.ac.uk/download/288357815.pdf}
}



@thesis{Bao:TriangAlgor,
	author={The Pham, B.},
	title={Algorithms Related to Triangle Groups},
	date={2018},
	month={07},
	institution={Louisiana State University},
	type={PhD thesis in Mathematics},
	url={https://digitalcommons.lsu.edu/cgi/viewcontent.cgi?article=6705&context=gradschool_dissertations}
}

@article{Klén:Riku,
	author={Klén, Riku},
	title={Hyperbolic distance between hyperbolic lines},
	date={2017},
	journaltitle={Annales Mathematicae et Informaticae},
	volume={47},
	pages   = {129--139}
}



@misc{Stromb:presentation,
	author={Str{\"o}mberg, F.},
	title={Arithmetic Quantum Chaos},
	institution = {Universiti Putra Malaysia},
	date = {2012},
	howpublished = {Expository Quantum Lecture Series 5},
}


@article{Stromb:article,
	author={Str{\"o}mberg, F.},
	title = {Noncongruence subgroups and Maass waveforms},
	journal = {Journal of Number Theory},
	volume = {199},
	pages = {436-493},
	year = {2019},
	issn = {0022-314X},
	url = {https://github.com/fredstro/noncongruence},
}



@article{Odly:comput,
	author={Odlyzko, A. and Forrester, P.J.},
	title = {A nonlinear equation and its application to near
est neighbor spacings for zeros of the zeta function and eigenvalues of random matrices},
	journal = {Proc. of the Organic Math. Workshop},
	url = {http://www.cecm.sfu.ca/~pborwein/},
}




@article{Then:article,
  author    = {Then, H.},
  title     = {Maa{\ss} cusp forms for large eigenvalues},
  journal   = {Math. Comput.},
  volume    = {74},
  number    = {249},
  pages     = {363--381},
  year      = {2005},
}



@misc{Morris:arth_group,
  doi = {10.48550/ARXIV.MATH/0106063},
  url = {https://arxiv.org/abs/math/0106063},
  author = {Morris, Dave Witte},
  title = {Introduction to Arithmetic Groups},
  year = {2001},
  copyright = {Creative Commons Attribution 3.0 Unported}
}


@unpublished{EinTW:AQUE,
	author={Einsidler, M. and Ward, T.},
	title={Arithmetic Quantum Unique Ergodicity for $\Gamma\setminus\mathbb{H}$},
	howpublished={Lecture notes for Arizona Winter School 2010},
	institution = {The Southwest Center for Arithmetic Geometry},
	date={2010},
}


@unpublished{Sound:QUE_notes,
	author={Soundararajan, K.},
	title={Quantum Unique Ergodicity and Number Theory},
	howpublished={Lecture notes for Arizona Winter School 2010},
	institution = {The Southwest Center for Arithmetic Geometry},
	date={2010},
}



@article{Linden:main_art,
	author={Lindenstrauss, E.},
	title={Invariant measures and arithmetic
quantum unique ergodicity},
	date={2006},
	journaltitle={Annals of Mathematics},
	volume={163},
	pages   = {165–219}
}



@article{Sarnak:review,
	author={Sarnak, P.},
	title={Spectra of Hyperbolic Surfaces},
	date={2003},
	journaltitle={Bulletin (New Series) of the American Mathematical Society},
	volume={40},
	number = {4},
	pages   = {441-478}
}



@unpublished{Turaev:billiards_notes,
	author={Turaev, M.},
	title={Quantum Unique Ergodicity and Number Theory},
	howpublished={Lecture notes},
	institution = {Uppsala University},
	date={2016},
	url = {https://www.diva-portal.org/smash/get/diva2:908119/FULLTEXT01.pdf}
}



@unpublished{Masson:aque_everything,
	author={Le Masson, E.},
	title={Quantum Chaos on hyperbolic surfaces},
	howpublished={Lectures notes},
	institution = {Cergy Paris Université},
	date={2017},
	url = {https://perso.u-cergy.fr/~elemasson/qchyp.pdf}
}



@unpublished{Eastman:review,
	author={Eastman,Alex},
	title={Quantum Ergodicity on Hyperbolic Surfaces},
	howpublished={Lecture notes},
	institution = {Chicago University},
	date={2020},
	url = {https://perso.u-cergy.fr/~elemasson/qchyp.pdf}
}


@article{LindBourg:entropy,
	author={Lindenstrauss, E. and Bourgain, J.},
	title={Entropy of quantum limits},
	date={2003},
	journaltitle={Comm. Math. Phys.},
	volume={40},
	number = {1},
	pages   = {153-171}
}


@book{bergeron:spectrum,
  title={The Spectrum of Hyperbolic Surfaces},
  author={Bergeron, N.},
  isbn={9783319276649},
  series={Universitext},
  year={2016},
  publisher={Springer International Publishing}
}


@article{Verdiere:erg_laplac,
	author={Colin de Verdière,Y.},
	title={Ergodiciti et fonctions propres du laplacien},
	date={1985},
	journaltitle={Comm. Math. Phys.},
	volume={102},
	pages   = {497-502}
}


@article{Egorov:article,
	author={Egorov, Y.},
	title={The canonical transformations of pseudodifferential operators},
	date={1969},
	journaltitle={Uspehi. Mat. Nauk.},
	volume={24},
	number = {5},
	pages   = {235-236}
}


@article{Hejhal:seld_trace,
	author={Hejhal, D.},
	title={The Selberg trace formula for $\PSL_{2}\Z$},
	date={1980},
	journaltitle={Springer-Verlag},
	volume={1001},
}


@article{Hejhal:triang,
	author={Hejhal, D.},
	title={On eigenfunctions of the Laplacian for Hecke triangle groups},
	date={1999},
	journaltitle={Emerging Applications of Number Theory},
	volume={109},
	pages   = {291-305}
}


@article{RudSarn:conj,
	author={Rudnick, Z. and Sarnak, P.},
	title={The behaviour of eigenstates of arithmetic hyperbolic manifolds},
	date={1996},
	journaltitle={Comm. Math. Phys.},
	volume={161},
	number = {1},
	pages   = {195-213}
}



@article{Sarnak:article,
	author={Sarnak, P.},
	title={Recent progress on the quantum unique ergodicity conjecture},
	date={2011},
	journaltitle={Bullettin of the American Mathematical Society},
	volume={48},
	pages={211-228},
}
%url={http://dx.doi.org/10.1016/j.exmath.2016.12.001},
@inproceedings{Marklof2006ArithmeticQC,
  title={Arithmetic Quantum Chaos},
  author={Marklof, J.},
  year={2006}
}


@book{Markloff:article,
	author={Marklof, J.},
	title={Selberg's Trace Formula: An Introduction},
	date={2012},
	institution={London Math. Soc.},
	publisher={Cambridge Univ. Press},
	series={Lecture Note Ser.},
	volume={397},
}



@book{Katok:groups,
	author={Katok, S.},
	title={Fuchsian groups},
	date={1992},
	publisher={Chicago Univ. Press},
	series={Chicago Lec. in Math.},
}




@unpublished{cagnetta:tesi,
	author={Cagnetta, A.},
	title={Approcci Tauberiani al Teorema dei Numeri Primi},
	date={2020},
	institution={Udine University},
}

@book{Evans:book,
	author={Evans, L.},
	publisher={AMS},
	series={Graduate Studies in Mathematics},
	title={Partial Differential Equations},
	edition={2},
	date={2010},
}


@unpublished{Kogler:thesis,
	author={Kogler, C.},
	title={Closed Geodesics on Compact
Hyperbolic Surfaces},
	date={2018},
	institution={ETH Z{\" u}rich},
}



@unpublished{bogomolny:article,
	author={Bogomolny, E. B.},
	institution={Université de Paris XI},
	title={Quantum and Arithmetical Chaos},
	date={2003},
}


@article{hassell:article,
	author={Hassell, A.},
	journaltitle={Technincal Papers},
	title={What is quantum unique ergodicity?},
	date={2010},
}



@article{bogomolnyaltri:article,
	author={Bogomolny, E. B. and Georgeot, B. and Giannoni, M.-J. and Schimt, C.},
	publisher={Elsevier},
	journaltitle={Phys. Rep.},
	title={Arithmetical Chaos},
	date={1997},
	volume={291},
	pages={219-324},
}


@article{Yingchun:article,
	author={Yingchun, C.},
	journaltitle={Journal de Théorie des Nombres de Bordeaux},
	title={Prime geodesic Theorem},
	date={2002},
	volume={14},
	pages={59-72},
}



@unpublished{Stransky:notes,
	author={Strànsky, P.},
	institution={Institute of Particle and Nuclear Physics},
	title={Lecture Notes on Quantum Chaos},
	date={2022},
	month={06},
	location={Charles University, Prague},
}


@inproceedings{Rudnick:whatIs,
  title={What is Quantum Chaos?},
  institution={Notices of the AMS},
  author={Z. Rudnick},
  year={2007},
  volume = {55},
  number = {1},
}



@book{Korevaar:TauberianBookHistory,
	author= {Korevaar, Jacob} ,
	title= {Tauberian Theory - A Century of Development},
	publisher= {Springer},
	date={2004},
}



@book{Martinez:semi,
	author= {Martinez, A.} ,
	title= {An Introduction to Semiclassical and Microlocal Analysis},
	publisher= {Springer},
	series = {Universitext},
	date={2002},
}


@book{Zworski:semic,
	author= {Zworski, M.} ,
	title= {Semiclassical Analysis},
	publisher= {AMS},
	series = {Graduate Studies in Mathematics},
	volume ={138},
	date={2012},
}

@book{Horm:book1,
	author= {H{\"o}rmander, L.} ,
	title= {The Analysis of Linear Partial Differential Operators I: Distribution Theory and Fourier Analysis},
	publisher= {Springer-Verlag},
	series = {A Series of Comprehensive Studies
in Mathematics},
	volume ={257},
	date={1983},
}


@book{Horm:book2,
	author= {H{\"o}rmander, L.} ,
	title= {The Analysis of Linear Partial Differential Operators II: Differential Operators with Constant Coeffcients},
	publisher= {Springer-Verlag},
	series = {A Series of Comprehensive Studies
in Mathematics},
	volume ={257},
	date={1983},
}



@book{Horm:book3,
	author= {H{\"o}rmander, L.} ,
	title= {The Analysis of Linear Partial Differential Operators III: Pseudo-Differential Operators},
	publisher= {Springer-Verlag},
	series = {A Series of Comprehensive Studies
in Mathematics},
	volume ={257},
	date={1983},
}


@book{DS:book,
	author= {Dimassi, M. and Sj{\"o}strand, J.} ,
	title= {Spectral Asymptotics in the Semi-Classical Limit},
	publisher= {Cambridge UP},
	series = {Lecture Note Series},
	volume ={268},
	date={1999},
}


@book{Queva:p-adic,
	author= {Q. Gouvéa, Q.} ,
	title= {$p$-adic Numbers},
	publisher= {Springer Cham},
	series = {Universitext},
	edition = {3},
	date={2020},
}




@article{Sound:article,
	author={Soundarajan, Kannan},
	title={Quantum unique ergodicity for $\SL_{2}\Z\setminus\Hilb$},
	date={2010},
	volume= {172},
	number = {2},
	pages = {1529-1538},
	journaltitle={Ann. of Math.},
}


@article{Zeld:article,
	author={Zelditch, Steven},
	title={Uniform distribution of eigenfunctions on compact hyperbolic surfaces},
	date={1987},
	journaltitle={Duke Math.
J.},
	volume = {55},
	number = {4},
	pages ={919-941},
}


@unpublished{DU:notes,
	author={Du., W.},
	title={Fourier analysis and the uncertainty principle},
	institution={University of Chicago},
	date={2009},
	url={http://www.math.uchicago.edu/~may/VIGRE/VIGRE2009/
REUPapers/Du.pdf},
}


@article{Semyov:around_new,
	author={Dyatlov, S.},
	title={Around quantum ergodicity},
	date={2022},
	journaltitle={Ann. Math. du Québec},
	volume = {46},
	pages ={11-26},
}


@online{Semy:lec_semi,
    author    = {Dyatlov, S.},
    title     = {Lecture notes on semiclassical analysis},
    year      = {2019},
    url       = {https://math.mit.edu/~dyatlov/semisnap/},
}


@online{Semy:lec_qe,
    author    = {Dyatlov, S.},
    title     = {Lecture notes on quantum ergodicity},
    year      = {2016},
    url       = {https://math.mit.edu/~dyatlov/files/2016/qenotes.pdf},
}





@article{Antar:scars,
	author={Anantharaman, N.},
	title={Chaotic vibrations and strong scars},
	date={2009},
	journaltitle={News. Euro. Math. Soc.},
	volume = {74},
	pages ={19-24},
}


@article{Barnett:asym_rate,
	author={Barnett, A.},
	title={Asymptotic rate of quantum ergodicity in chaotic Euclidean billiards},
	date={2006},
	journaltitle={Comm. Pure Appl. Math},
	volume = {59},
	pages ={1457-1488},
}




@book{Arnold:book,
	author= {Arnold, V.I.} ,
	title= {Mathematical Methods of Classical Mechanics},
	publisher= {Springer},
	date={1978},
}


@article{Bun:stad,
	author={Bunimovich, L.},
	title={On the ergodic properties of nowhere dispersing billiards},
	date={1979},
	journaltitle={Comm. Math. Phys.},
	volume = {65},
	pages ={292-312},
}


@article{Berry:conj,
	author={Berry, M.},
	title={Quantum scars of classical closed orbits in phase space},
	date={1989},
	journaltitle={Proc. Roy. Soc. London},
	volume = {423},
	pages ={219-231},
}



@article{Berry:chaol,
	author={Berry, M.},
	title={Quantum chaology},
	date={2003},
	url={http://www.phy.bris.ac.uk/people/berry_mv/the_papers/berry358.pdf}
}


@book{Gutz:book,
	author = {Gutzwiller, M.C.},
	title = {Chaos in Classical and Quantum Mechanics},
	series = {Interd. App. Math.},
	volume = {1},
	publisher = {Springer},
	date = {1990},
}


@article{Take:arith,
	author={Takeuchi, K.},
	title={A characterization of arithmetic Fuchsian group},
	date={1975},
	journaltitle={J. Math. Soc. Japan},
	volume = {27},
	number = {4},
}


@article{Schall:arith,
	author={Schaller, P. S. and Wolfart, J.},
	title={Semi-arithmetic Fuchsian groups and Modular embeddings},
	journal = {J. Lon. Math. Soc.},
	volume = {61},
    number = {1},
    pages = {13-24},
    year = {2000},
    month = {02},
    issn = {0024-6107},
}


@article{geninska:2006geometric,
      title={A geometric characterization of arithmetic Fuchsian groups}, 
      author={Geninska, S. and Leuzinger, E.},
	journal = {Duke Math. J.},
	volume = {142},
    pages = {111-125},
    year = {2008},
}


@article{Hass:billiards_not,
	author={Hassell, A.},
	title={On the ergodic properties of nowhere dispersing billiards},
	date={2010},
	journaltitle={Ann. Math.},
	volume = {171},
	number = {1},
	pages ={605-618},
}



@article{Hass:what,
	author={Hassell, A.},
	title={What is quantum unique ergodicity?},
	date={2011},
	journaltitle={Aus. Math. Soc. Gazette},
	volume = {35},
	pages ={158-167},
}


@article{Stroh:comput,
	author={Strohmaier, A. and Uski, V.},
	title={An algorithm for the computation of eigenvalues, spectral zeta functions and zeta-determinants on hyperbolic surfaces},
	journaltitle={Comm. Math. Phys.},
	date={2013},
	pages={827-869},
	volume={317},
	number={3},
}


@article{Cart:comput,
	author={Cartier, P.},
	title={Computers in Number Theory},
	journaltitle={Academic Press},
	date={1971},
	pages={37-48},
}


@article{verdiere:article,
	author={Colin de Verdière, Y.},
	title={Ergodicité et fonctions propres du Laplacien},
	journaltitle={Comm. Math. Phys.},
	date={1985},
	pages={497-502},
	volume={102},
}


@article{Peter:triang,
	author={Petersson, H.},
	title={{\"U}ber die eindeutige bestimmung und die erweiterungsf{\"a}higkeit von gewissen grenzkreisgruppen},
	journaltitle={Abh. Math. Sem.},
	institution = {Univ. Hamburg},
	date={1937},
	pages={180-199},
	volume={12},
	number = {1},
}


@article{Voight:triang,
	author={Voight, J. and Clark, P.L.},
	title={Algebraic curves uniformized by congruence subgroups of triangle groups},
	journaltitle={Trans. Amer. Math. Soc.},
	date={2019},
	pages={33-82},
	volume={371},
	number = {1},
}



@article{Stark:mod_forms,
	author={Stark, H.},
	title={Fourier coefficients of Maass waveforms},
	journaltitle={Modular Forms (R. A. Rankin ed.)},
	date={1984},
	pages={263-269},
}


@book{Shimura:book,
	author= {Shimura, G.} ,
	title= {Introduction to the arithmetic theory of automorphic functions},
	publisher= {Princeton Univ. Press},
	date={1971},
}


@online{tao:site,
    author    = {Tao, T.},
    title     = {Hassell's proof of scarring for the Bunimovich stadium},
    year      = {2008},
    month = {07},
    url       = {http://terrytao.wordpress.com/2008/07/07/hassells-proof-of-scarring-for-the-bunimovich-stadium/},
}


@online{tao:site_simons_lec,
    author    = {Tao, T.},
    title     = {Simons lecture I: Structure and randomness in Fourier analysis and number theory},
    year      = {2007},
    month = {04},
    url       = {http://terrytao.wordpress.com/2007/04/05/
simons-lecture-i-structure-and-randomness-in-fourier-analysis-and-number-theory/},
}



@article{Hove:noFunc,
	author={Van Hove, L.},
	title={Sur le probleme des relations entre les transformations unitaires de la mecanique quantique et les transformations canoniques de la mecaniques classique},
	journaltitle={Bull. Cl. Sci.},
	institution = {Acad. Roy. Belgique},
	date={1951},
	pages={610-620},
	volume={5},
	number={37},
}


@online{chinese:quant,
    author    = {Natsume, Y.},
    title     = {Quantum Chaos with Python},
    year      = {2021},
    month     = {12},
    url       = {https://medium.com/@natsunoyuki/quantum-chaos-with-python-f4adfe4ab62c},
}






